{
  "leader": "02504cam a2200469 i 4500",
  "fields": [
    {
      "001": "ocm06799863\\"
    },
    {
      "003": "OCoLC"
    },
    {
      "005": "20211011092711.0"
    },
    {
      "008": "770811s1977\\\\\\\\stka\\\\\\\\\\b\\\\\\\\001\\0\\eng\\\\"
    },
    {
      "010": {
        "ind1": "\\",
        "ind2": "\\",
        "subfields": [
          {
            "a": "   76028430 "
          }
        ]
      }
    },
    {
      "040": {
        "ind1": "\\",
        "ind2": "\\",
        "subfields": [
          {
            "a": "NLM"
          },
          {
            "b": "eng"
          },
          {
            "c": "NLM"
          },
          {
            "d": "TUS"
          },
          {
            "d": "VNN"
          },
          {
            "d": "UKM"
          },
          {
            "d": "OCLCF"
          },
          {
            "d": "OCLCQ"
          },
          {
            "d": "OCLCO"
          },
          {
            "d": "OCLCQ"
          },
          {
            "d": "NLM"
          },
          {
            "d": "OCLCO"
          },
          {
            "d": "OCLCA"
          },
          {
            "d": "APAHS"
          },
          {
            "d": "ERD"
          },
          {
            "d": "FQM"
          },
          {
            "d": "OCLCO"
          },
          {
            "d": "LUN"
          }
        ]
      }
    },
    {
      "016": {
        "ind1": "7",
        "ind2": "\\",
        "subfields": [
          {
            "a": "7705969"
          },
          {
            "2": "DNLM"
          }
        ]
      }
    },
    {
      "019": {
        "ind1": "\\",
        "ind2": "\\",
        "subfields": [
          {
            "a": "16380688"
          },
          {
            "a": "980592211"
          },
          {
            "a": "981112962"
          },
          {
            "a": "1045800734"
          },
          {
            "a": "1052836310"
          },
          {
            "a": "1128313300"
          },
          {
            "a": "1152790451"
          },
          {
            "a": "1167432104"
          },
          {
            "a": "1229526582"
          }
        ]
      }
    },
    {
      "020": {
        "ind1": "\\",
        "ind2": "\\",
        "subfields": [
          {
            "a": "9780443012679"
          }
        ]
      }
    },
    {
      "020": {
        "ind1": "\\",
        "ind2": "\\",
        "subfields": [
          {
            "a": "0443012679"
          }
        ]
      }
    },
    {
      "035": {
        "ind1": "\\",
        "ind2": "\\",
        "subfields": [
          {
            "a": "(OCoLC)6799863"
          },
          {
            "z": "(OCoLC)16380688"
          },
          {
            "z": "(OCoLC)980592211"
          },
          {
            "z": "(OCoLC)981112962"
          },
          {
            "z": "(OCoLC)1045800734"
          },
          {
            "z": "(OCoLC)1052836310"
          },
          {
            "z": "(OCoLC)1128313300"
          },
          {
            "z": "(OCoLC)1152790451"
          },
          {
            "z": "(OCoLC)1167432104"
          },
          {
            "z": "(OCoLC)1229526582"
          }
        ]
      }
    },
    {
      "050": {
        "ind1": "0",
        "ind2": "0",
        "subfields": [
          {
            "a": "RC930.5"
          }
        ]
      }
    },
    {
      "060": {
        "ind1": "0",
        "ind2": "0",
        "subfields": [
          {
            "a": "WE 141"
          },
          {
            "b": "M983r 1977"
          }
        ]
      }
    },
    {
      "082": {
        "ind1": "0",
        "ind2": "4",
        "subfields": [
          {
            "a": "616.710757"
          },
          {
            "b": "MUR"
          }
        ]
      }
    },
    {
      "100": {
        "ind1": "1",
        "ind2": "\\",
        "subfields": [
          {
            "a": "Murray, Ronald O."
          }
        ]
      }
    },
    {
      "245": {
        "ind1": "1",
        "ind2": "4",
        "subfields": [
          {
            "a": "The radiology of skeletal disorders :"
          },
          {
            "b": "exercises in diagnosis /"
          },
          {
            "c": "Ronald O. Murray, Harold G. Jacobson."
          }
        ]
      }
    },
    {
      "250": {
        "ind1": "\\",
        "ind2": "\\",
        "subfields": [
          {
            "a": "2d ed."
          }
        ]
      }
    },
    {
      "260": {
        "ind1": "\\",
        "ind2": "\\",
        "subfields": [
          {
            "a": "Edinburgh, New York :"
          },
          {
            "b": "Churchill Livingstone :"
          },
          {
            "b": "Distributed in U.S. by Longman,"
          },
          {
            "c": "1977."
          }
        ]
      }
    },
    {
      "300": {
        "ind1": "\\",
        "ind2": "\\",
        "subfields": [
          {
            "a": "4 volumes :"
          },
          {
            "b": "illustrations"
          }
        ]
      }
    },
    {
      "336": {
        "ind1": "\\",
        "ind2": "\\",
        "subfields": [
          {
            "a": "text"
          },
          {
            "b": "txt"
          },
          {
            "2": "rdacontent"
          }
        ]
      }
    },
    {
      "337": {
        "ind1": "\\",
        "ind2": "\\",
        "subfields": [
          {
            "a": "unmediated"
          },
          {
            "b": "n"
          },
          {
            "2": "rdamedia"
          }
        ]
      }
    },
    {
      "338": {
        "ind1": "\\",
        "ind2": "\\",
        "subfields": [
          {
            "a": "volume"
          },
          {
            "b": "nc"
          },
          {
            "2": "rdacarrier"
          }
        ]
      }
    },
    {
      "504": {
        "ind1": "\\",
        "ind2": "\\",
        "subfields": [
          {
            "a": "Includes bibliographical references and index."
          }
        ]
      }
    },
    {
      "505": {
        "ind1": "0",
        "ind2": "\\",
        "subfields": [
          {
            "a": "V. 1. Fundamentals of skeletal radiology -- v. 2. Fundamentals of skeletal radiology ; Radiological investigations in orthopaedics ; Less common disorders ; Less common manifestations of skeletal disorders -- v. 3. Some miscellaneous lesions in specific anatomical areas ; Some miscellaneous lesions of the skeleton with a definitive radiological diagnosis ; Some miscellaneous abnormalities of the skeleton-difficult diagnostic problems ; Invited contributions -- v. 4. Appendix."
          }
        ]
      }
    },
    {
      "650": {
        "ind1": "\\",
        "ind2": "0",
        "subfields": [
          {
            "a": "Bones"
          },
          {
            "x": "Radiography."
          }
        ]
      }
    },
    {
      "650": {
        "ind1": "\\",
        "ind2": "0",
        "subfields": [
          {
            "a": "Joints"
          },
          {
            "x": "Radiography."
          }
        ]
      }
    },
    {
      "650": {
        "ind1": "\\",
        "ind2": "0",
        "subfields": [
          {
            "a": "Diagnosis, Differential."
          }
        ]
      }
    },
    {
      "650": {
        "ind1": "\\",
        "ind2": "7",
        "subfields": [
          {
            "a": "Bones"
          },
          {
            "x": "Radiography."
          },
          {
            "2": "fast"
          },
          {
            "0": "(OCoLC)fst00836032"
          }
        ]
      }
    },
    {
      "650": {
        "ind1": "\\",
        "ind2": "7",
        "subfields": [
          {
            "a": "Diagnosis, Differential."
          },
          {
            "2": "fast"
          },
          {
            "0": "(OCoLC)fst00892302"
          }
        ]
      }
    },
    {
      "650": {
        "ind1": "\\",
        "ind2": "7",
        "subfields": [
          {
            "a": "Joints"
          },
          {
            "x": "Radiography."
          },
          {
            "2": "fast"
          },
          {
            "0": "(OCoLC)fst00983921"
          }
        ]
      }
    },
    {
      "650": {
        "ind1": "\\",
        "ind2": "2",
        "subfields": [
          {
            "a": "Arthrography."
          },
          {
            "0": "https://id.nlm.nih.gov/mesh/D001175"
          }
        ]
      }
    },
    {
      "650": {
        "ind1": "\\",
        "ind2": "2",
        "subfields": [
          {
            "a": "Bone and Bones"
          },
          {
            "x": "diagnostic imaging."
          },
          {
            "0": "https://id.nlm.nih.gov/mesh/D001842Q000000981"
          }
        ]
      }
    },
    {
      "650": {
        "ind1": "\\",
        "ind2": "2",
        "subfields": [
          {
            "a": "Radiography."
          },
          {
            "0": "https://id.nlm.nih.gov/mesh/D011859"
          }
        ]
      }
    },
    {
      "700": {
        "ind1": "1",
        "ind2": "\\",
        "subfields": [
          {
            "a": "Jacobson, Harold G."
          },
          {
            "q": "(Harold Gordon),"
          },
          {
            "d": "1912-"
          }
        ]
      }
    },
    {
      "994": {
        "ind1": "\\",
        "ind2": "\\",
        "subfields": [
          {
            "a": "Z0"
          },
          {
            "b": "NYRVC"
          }
        ]
      }
    },
    {
      "948": {
        "ind1": "\\",
        "ind2": "\\",
        "subfields": [
          {
            "h": "NO HOLDINGS IN NYRVC - 74 OTHER HOLDINGS"
          }
        ]
      }
    },
    {
      "999": {
        "ind1": "\\",
        "ind2": "\\",
        "subfields": [
          {
            "a": "no barcode"
          }
        ]
      }
    }
  ]
}